@article{kingma2014adam,
  title={Adam: A method for stochastic optimization},
  author={Kingma, Diederik P and Ba, Jimmy},
  journal={arXiv preprint arXiv:1412.6980},
  year={2014}
}
@misc{code,
  author = {Liam Hsieh},
  title = {Source code for final project},
  year = {2023},
  publisher = {GitHub},
  journal = {GitHub repository},
  howpublished = {\url{https://github.com/liam-hsieh/CS235/blob/main/project/code/car_price_prediction.ipynb}}
}
@article{dozat2016incorporating,
  title={Incorporating nesterov momentum into adam},
  author={Dozat, Timothy},
  year={2016}
}